@book{understandinganalysis,
  title={Understanding Analysis},
  author={Abbott, Stephen},
  year={2015},
  publisher={Springer Publications}
}

@book{probabilityfoundations,
  author = {Krishna Jagannath},
  editor = {},
  publisher = {IIT Madras},
  title = {Probability Foundations for Electrical Engineers},
  year = {2015}
}

@book{joeblitztein,
  author = {Joseph Blitzstein},
  editor = {},
  publisher = {CRC Press},
  title = {Introduction to Probability},
  year = {2015}
}